<record><leader>00000cas a22000007a 4500</leader><controlfield tag="001">14699425</controlfield><controlfield tag="008">861111d189u189utxuwr ne      0    0eng d</controlfield><datafield ind1=" " ind2=" " tag="010"><subfield code="a">sn 86090079 </subfield></datafield><datafield ind1=" " ind2=" " tag="040"><subfield code="a">PPM</subfield><subfield code="b">eng</subfield><subfield code="c">PPM</subfield><subfield code="d">OCLCQ</subfield></datafield><datafield ind1=" " ind2=" " tag="042"><subfield code="a">msc</subfield></datafield><datafield ind1="0" ind2="4" tag="245"><subfield code="a">The Standard herald.</subfield></datafield><datafield ind1=" " ind2=" " tag="260"><subfield code="a">Rusk, Tex. :</subfield><subfield code="b">Rusk Pub. and Print. Co.</subfield></datafield><datafield ind1=" " ind2=" " tag="300"><subfield code="a">v. :</subfield><subfield code="b">ill.</subfield></datafield><datafield ind1=" " ind2=" " tag="310"><subfield code="a">Weekly</subfield></datafield><datafield ind1=" " ind2=" " tag="500"><subfield code="a">Continues numbering of: Standard-enterprise (Rusk, Tex.).</subfield></datafield><datafield ind1=" " ind2=" " tag="588"><subfield code="a">Description based on: Vol. 11, no. 32 (May 12, 1893).</subfield></datafield><datafield ind1=" " ind2=" " tag="752"><subfield code="a">United States</subfield><subfield code="b">Texas</subfield><subfield code="c">Cherokee</subfield><subfield code="d">Rusk.</subfield></datafield><datafield ind1="0" ind2="4" tag="780"><subfield code="t">Cherokee herald (Rusk, Tex. : 1889)</subfield><subfield code="w">(DLC)sn 86090078</subfield></datafield><datafield ind1="0" ind2="4" tag="780"><subfield code="t">Standard enterprise (Rusk, Tex. : 1888)</subfield><subfield code="w">(DLC)sn 86090040</subfield></datafield><datafield ind1="0" ind2="0" tag="785"><subfield code="t">Industrial press (Rusk, Tex.)</subfield><subfield code="w">(DLC)sn 86090075</subfield></datafield></record>